book{TongJi:LinearAlgebra,
    address   = {北京},
    edition   = {7},
    editor    = {同济大学数学科学学院},
    isbn      = {9787040592931},
    month     = {6},
    publisher = {高等教育出版社},
    title     = {线性代数},
    year      = {2023}
}

@book{PKUPanelOfAlgebra:AdvancedAlgebra,
    address   = {北京},
    edition   = {5},
    editor    = {北京大学数学系前代数小组},
    isbn      = {9787040507331},
    month     = {5},
    publisher = {高等教育出版社},
    reviser   = {王萼芳 and 石生明},
    title     = {高等代数},
    year      = {2019}
}

@article{TianZhouYang:ParaKronecker,
    author       = {田代军 and 周泽华 and 杨奇},
    doi          = {http://dx.chinadoi.cn/10.3969/j.issn.1000-0984.2007.19.027},
    englishtitle = {The para-Kronecker delta and its applications},
    journal      = {数学的实践与认识},
    month        = {10},
    number       = {19},
    pages        = {161--167},
    title        = {仿~Kronecker~符号及其应用},
    volume       = {37},
    year         = {2007}
}

book{ZhangXu:AdvancedAlgebra,
    address   = {北京},
    edition   = {2},
    editor    = {张贤科 and 许甫华},
    isbn      = {9787302082279},
    month     = {7},
    publisher = {清华大学出版社},
    title     = {高等代数学},
    year      = {2004}
}

@book{Xiang:BasicsOfAlgebra,
    address   = {北京},
    author    = {项武义},
    isbn      = {9787107176791},
    isbnten   = {710717679X},
    month     = {9},
    publisher = {人民教育出版社},
    series    = {基础数学讲义丛书},
    title     = {基础代数学},
    year      = {2004}
}

@book{YaoWuXie:AdvancedAlgebra,
    address   = {上海},
    author    = {谢启鸿 and 姚慕生 and 吴泉水},
    edition   = {4},
    isbn      = {9787309163360},
    month     = {11},
    publisher = {复旦大学出版社},
    title     = {高等代数学},
    year      = {2022}
}

book{Qiu:AdvancedAlgebraA,
    address   = {北京},
    author    = {丘维声},
    isbn      = {9787302225188},
    month     = {6},
    publisher = {清华大学出版社},
    title     = {高等代数 (上册)------大学高等代数课程创新教材},
    year      = {2010}
}

book{Qiu:AdvancedAlgebraB,
    address   = {北京},
    author    = {丘维声},
    isbn      = {9787302237594},
    month     = {10},
    publisher = {清华大学出版社},
    title     = {高等代数 (下册)------大学高等代数课程创新教材},
    year      = {2010}
}

@book{Xu:AdvancedAlgebraAndTheoryOfMatrices,
    address   = {北京},
    author    = {许以超},
    edition   = {2},
    isbn      = {9787040243079},
    month     = {6},
    publisher = {高等教育出版社},
    title     = {线性代数与矩阵论},
    year      = {2008}
}

book{Lan:AdvancedAlgebraA,
    address   = {北京},
    edition   = {2},
    editor    = {蓝以中},
    isbn      = {9787301053706},
    month     = {7},
    publisher = {北京大学出版社},
    title     = {高等代数简明教程 (上册)},
    year      = {2007}
}

book{Lan:AdvancedAlgebraB,
    address   = {北京},
    edition   = {2},
    editor    = {蓝以中},
    isbn      = {9787301055793},
    month     = {7},
    publisher = {北京大学出版社},
    title     = {高等代数简明教程 (下册)},
    year      = {2007}
}

book{Axler:LinearAlgebraDoneRight,
    address   = {Cham},
    author    = {Axler, Shedon},
    bookdate  = {2014-12-18},
    doi       = {https://doi.org/10.1007/978-3-319-11080-6},
    edition   = {3},
    isbn      = {9783319110790},
    month     = {12},
    publisher = {Springer},
    series    = {Undergraduate Texts in Mathematics},
    title     = {Linear algebra done right},
    year      = {2014}
}

book{XuZhangLuLeng:TheoryOfMatrices,
    address   = {北京},
    edition   = {3},
    editor    = {徐仲 and 张凯院 and 陆全 and 冷国伟},
    isbn      = {9787030394798},
    month     = {1},
    publisher = {科学出版社},
    title     = {矩阵论简明教程},
    year      = {2014}
}

@book{Beezer:AFirstCourseInLinearAlgebra,
    address   = {Gig Harbor, Washington, USA},
    author    = {Beezer, Robert A},
    bookdate  = {2015-12-30},
    isbn      = {9780984417551},
    month     = {12},
    publisher = {Congruent Press},
    title     = {A first course in linear algebra},
    url       = {http://linear.pugetsound.edu/},
    urldate   = {2023-06-28},
    version   = {Version~3.50},
    year      = {2015}
}

@book{Serre:Matrices,
    address   = {New York},
    author    = {Serre, Denis},
    bookdate  = {2010-11-02},
    doi       = {https://doi.org/10.1007/978-1-4419-7683-3},
    edition   = {2},
    isbn      = {9781441976826},
    month     = {11},
    publisher = {Springer},
    series    = {Graduate Texts in Mathematics},
    subtitle  = {Theory and applications},
    title     = {Matrices},
    year      = {2010}
}
